<record><leader>00000cas a22000007a 4500</leader><controlfield tag="001">9837789</controlfield><controlfield tag="008">830823d18601919nyuwr ne      0    0eng d</controlfield><controlfield tag="009">3781</controlfield><datafield ind1=" " ind2=" " tag="010"><subfield code="a">sn 83031339 </subfield></datafield><datafield ind1=" " ind2=" " tag="040"><subfield code="a">NPU</subfield><subfield code="b">eng</subfield><subfield code="c">NPU</subfield><subfield code="d">DLC</subfield><subfield code="d">NPX</subfield><subfield code="d">DLC</subfield><subfield code="d">NYG</subfield><subfield code="d">NYS</subfield><subfield code="d">OCL</subfield><subfield code="d">KRTAS</subfield><subfield code="d">OCLCF</subfield><subfield code="d">OCLCO</subfield></datafield><datafield ind1="1" ind2=" " tag="029"><subfield code="a">AU@</subfield><subfield code="b">000025831744</subfield></datafield><datafield ind1=" " ind2=" " tag="042"><subfield code="a">msc</subfield></datafield><datafield ind1="0" ind2="0" tag="050"><subfield code="a">Newspaper 8829-X</subfield></datafield><datafield ind1="0" ind2="0" tag="245"><subfield code="a">New Paltz times.</subfield></datafield><datafield ind1="0" ind2="0" tag="246"><subfield code="a">Southern Ulster times</subfield></datafield><datafield ind1=" " ind2=" " tag="260"><subfield code="a">New Paltz, N.Y. :</subfield><subfield code="b">Chas. J. Ackert,</subfield><subfield code="c">1860-1919.</subfield></datafield><datafield ind1=" " ind2=" " tag="300"><subfield code="a">v. :</subfield><subfield code="b">ill. (chiefly adv.) ;</subfield><subfield code="c">65-67 cm.</subfield></datafield><datafield ind1=" " ind2=" " tag="310"><subfield code="a">Weekly,</subfield><subfield code="b">July 27, 1860-June 11, 1919</subfield></datafield><datafield ind1=" " ind2=" " tag="321"><subfield code="a">Biweekly,</subfield><subfield code="b">July 6-20, 1860</subfield></datafield><datafield ind1="0" ind2=" " tag="362"><subfield code="a">Vol. 1, no. 1 (July 6, 1860)-v. 57, no. 7 (June 11, 1919).</subfield></datafield><datafield ind1=" " ind2=" " tag="500"><subfield code="a">Published as: Southern Ulster times, Sept. 22, 1865-July 27, 1866.</subfield></datafield><datafield ind1=" " ind2=" " tag="500"><subfield code="a">Publishers: Mrs. Eliza V. Ackert, &lt;1863&gt;; Charles J. Ackert, &lt;1867-1876&gt;.</subfield></datafield><datafield ind1=" " ind2=" " tag="500"><subfield code="a">"Democratic."</subfield></datafield><datafield ind1=" " ind2=" " tag="500"><subfield code="a">Editors: Charles J. Ackert, &lt;1861-1876&gt;; Thomas F. McCarthy &lt;1918&gt;.</subfield></datafield><datafield ind1=" " ind2="0" tag="651"><subfield code="a">New Paltz (N.Y.)</subfield><subfield code="v">Newspapers.</subfield></datafield><datafield ind1=" " ind2="0" tag="651"><subfield code="a">Ulster County (N.Y.)</subfield><subfield code="v">Newspapers.</subfield></datafield><datafield ind1=" " ind2="7" tag="655"><subfield code="a">Newspapers.</subfield><subfield code="2">fast</subfield><subfield code="0">(OCoLC)fst01423814</subfield></datafield><datafield ind1=" " ind2="7" tag="651"><subfield code="a">New York (State)</subfield><subfield code="z">New Paltz.</subfield><subfield code="2">fast</subfield><subfield code="0">(OCoLC)fst01211061</subfield></datafield><datafield ind1=" " ind2="7" tag="651"><subfield code="a">New York (State)</subfield><subfield code="z">Ulster County.</subfield><subfield code="2">fast</subfield><subfield code="0">(OCoLC)fst01207948</subfield></datafield><datafield ind1=" " ind2=" " tag="752"><subfield code="a">United States</subfield><subfield code="b">New York</subfield><subfield code="c">Ulster</subfield><subfield code="d">New Paltz.</subfield></datafield><datafield ind1="0" ind2="7" tag="785"><subfield code="t">New-Paltz independent</subfield><subfield code="w">(DLC)sn 83031340</subfield></datafield><datafield ind1="0" ind2="7" tag="785"><subfield code="t">New Paltz independent and times</subfield><subfield code="w">(DLC)sn 86033367</subfield></datafield><datafield ind1=" " ind2=" " tag="938"><subfield code="a">Kirtas Technologies, Inc.</subfield><subfield code="b">KRTS</subfield><subfield code="n">737320</subfield></datafield></record>